<?xml version="1.0" encoding="UTF-8" ?>
<record Numero="13908466" format="InterXMarc_Complet" type="Authority">
<leader>00491c1 au22000272  45  <Pos Code="0004">00491</Pos>
<Pos Code="05" Sens="notice modifiée">c</Pos>
<Pos Code="06" Sens="notice validée en catalogage courant">1</Pos>
<Pos Code="08" Sens="notice d&apos;autorité">a</Pos>
<Pos Code="09" Sens="titre uniforme musical (TUM)">u</Pos>
<Pos Code="10">2</Pos>
<Pos Code="11">2</Pos>
<Pos Code="1216">00027</Pos>
<Pos Code="17" Sens="autres cas">2</Pos>
<Pos Code="20">4</Pos>
<Pos Code="21">5</Pos>
</leader>
<controlfield tag="001">FRBNF139084661<Pos Code="0001">FR</Pos>
<Pos Code="0204">BNF</Pos>
<Pos Code="0512">13908466</Pos>
<Pos Code="13">1</Pos>
</controlfield>
<controlfield tag="008">890821990222yy    zz        1966      ....                   1   <Pos Code="0001">89</Pos>
<Pos Code="0203">08</Pos>
<Pos Code="0405">21</Pos>
<Pos Code="0607">99</Pos>
<Pos Code="0809">02</Pos>
<Pos Code="1011">22</Pos>
<Pos Code="1213" Sens="ne s&apos;applique pas">yy</Pos>
<Pos Code="1820">zz </Pos>
<Pos Code="2831">1966</Pos>
<Pos Code="3841">....</Pos>
<Pos Code="61" Sens="La vedette peut être liée à une notice bibliographique sauf pour l&apos;accès matière RAMEAU">1</Pos>
</controlfield>
<datafield tag="048" ind1=" " ind2=" ">
	<subfield code="a">ka01<Pos Code="0001" Sens="clavier - piano">ka</Pos>
<Pos Code="02">0</Pos>
<Pos Code="03">1</Pos>
</subfield>
</datafield>
<datafield tag="100" ind1=" " ind2=" ">
	<subfield code="3">13891404</subfield>
	<subfield code="w">.0..b.....</subfield>
	<subfield code="a">Berio</subfield>
	<subfield code="m">Luciano</subfield>
	<subfield code="d">1925-2003</subfield>
</datafield>
<datafield tag="144" ind1="1" ind2=" ">
	<subfield code="w">....b.....</subfield>
	<subfield code="a">Sequenza IV</subfield>
</datafield>
<datafield tag="502" ind1=" " ind2=" ">
	<subfield code="3">15801164</subfield>
	<subfield code="a">Berio</subfield>
	<subfield code="m">Luciano</subfield>
	<subfield code="d">1925-2003</subfield>
	<subfield code="t">[Sequenzas]</subfield>
</datafield>
<datafield tag="600" ind1=" " ind2=" ">
	<subfield code="a">Créé à St Louis, Missouri par Jocy de Corvalho</subfield>
</datafield>
<datafield tag="600" ind1=" " ind2=" ">
	<subfield code="a">Date de composition : 1966</subfield>
</datafield>
<datafield tag="600" ind1=" " ind2=" ">
	<subfield code="a">1re exécution : 1966</subfield>
</datafield>
<datafield tag="610" ind1=" " ind2=" ">
	<subfield code="a">Contemporary composers</subfield>
	<subfield code="a">Sequenzas / Berio. DGG. 4570382</subfield>
</datafield>
<datafield tag="611" ind1=" " ind2=" ">
	<subfield code="a">SDC 12 117007</subfield>
</datafield>
<datafield tag="917" ind1=" " ind2=" ">
	<subfield code="o">OPC</subfield>
	<subfield code="a">100369070</subfield>
</datafield>
<Attr Nom="IDPerenne">ark:/12148/cb139084663</Attr>
<Attr Nom="NumSource">OPC 100369070</Attr>
<Attr Nom="Source" Sens="BnF catalogue général (depuis 1999)">A</Attr>
<Attr Nom="NumAutoriteLiee">1389140415801164</Attr>
<Attr Nom="DateCreation">21/08/ 1989</Attr>
<Attr Nom="ResponsableCreation">MIGV2</Attr>
<Attr Nom="StructCreation">1</Attr>
<Attr Nom="DateDerniereValidation">08/11/ 2010</Attr>
<Attr Nom="ResponsableDerniereValidation">MIGV4</Attr>
<Attr Nom="StructPremiereValidation">1</Attr>
<Attr Nom="DatePremiereValidation">21/08/ 1989</Attr>
<Attr Nom="ResponsablePremiereValidation">MIGV2</Attr>
<Attr Nom="StructDerniereValidation">1</Attr>
<Attr Nom="NumSource">OPP 14813956</Attr>
</record>
